<record><leader>00000cas a22000007a 4500</leader><controlfield tag="001">19565566</controlfield><controlfield tag="008">890418d18951911moucr ne      0    0eng d</controlfield><datafield ind1=" " ind2=" " tag="010"><subfield code="a">sn 89066482 </subfield></datafield><datafield ind1=" " ind2=" " tag="040"><subfield code="a">MQN</subfield><subfield code="b">eng</subfield><subfield code="c">MQN</subfield><subfield code="d">OCLCQ</subfield><subfield code="d">CRL</subfield></datafield><datafield ind1=" " ind2=" " tag="042"><subfield code="a">msc</subfield></datafield><datafield ind1="0" ind2="4" tag="245"><subfield code="a">The Bunceton tribune.</subfield></datafield><datafield ind1=" " ind2=" " tag="260"><subfield code="a">Bunceton, Cooper County, Mo. :</subfield><subfield code="b">Zeigle &amp; Stemmons,</subfield><subfield code="c">1895-1911.</subfield></datafield><datafield ind1=" " ind2=" " tag="300"><subfield code="a">v.</subfield></datafield><datafield ind1=" " ind2=" " tag="310"><subfield code="a">Semiweekly,</subfield><subfield code="b">July 17, 1903-June 20, 1911</subfield></datafield><datafield ind1=" " ind2=" " tag="321"><subfield code="a">Weekly,</subfield><subfield code="b">July 26, 1895-July 10, 1903</subfield></datafield><datafield ind1="0" ind2=" " tag="362"><subfield code="a">Vol. 1, no. 1 (July 26, 1895)-v. 16, no. 43 (June 20, 1911).</subfield></datafield><datafield ind1=" " ind2=" " tag="515"><subfield code="a">Issues for July 14, 1903-June 20, 1911 also have whole no. designation: No. 417-no. 1200.</subfield></datafield><datafield ind1=" " ind2=" " tag="525"><subfield code="a">Christmas supplement, Dec. 15, 1899.</subfield></datafield><datafield ind1=" " ind2=" " tag="752"><subfield code="a">United States</subfield><subfield code="b">Missouri</subfield><subfield code="c">Cooper</subfield><subfield code="d">Bunceton.</subfield></datafield></record>